@ARTICLE{893287, 
author={}, 
journal={IEEE Std. 1516-2000}, 
title={{IEEE Standard for Modeling and Simulation {(M\&S)} High Level Architecture {(HLA)} - Framework and Rules}}, 
year={2000}, 
volume={}, 
pages={i -22}, 
doi={10.1109/IEEESTD.2000.92296}, 
}
@INBOOK{wasik, 
author={Alicja W\c asik, et.al.}, 
chapter="Lidar-Based Relative Position Estimation and Tracking for Multi-robot Systems",
title="Robot 2015: Second Iberian Robotics Conference: Advances in Robotics, Volume 1",
year="2015",
publisher="Springer International Publishing",
address="Cham",
pages="3--16",
}
@article{rat,
title = "Hybrid robot control and \{SLAM\} for persistent navigation and mapping ",
journal = "Robotics and Autonomous Systems ",
volume = "58",
number = "9",
pages = "1096 - 1104",
year = "2010",
note = "Hybrid Control for Autonomous Systems ",
issn = "0921-8890",
doi = "http://dx.doi.org/10.1016/j.robot.2010.05.004",
url = "http://www.sciencedirect.com/science/article/pii/S0921889010001089",
author = "Michael Milford and Gordon Wyeth",
keywords = "Hybrid robot control",
keywords = "SLAM",
keywords = "Navigation",
keywords = "Mapping "
}
@article{ekf,
title = "Development of a real-life \{EKF\} based \{SLAM\} system for mobile robots employing vision sensing ",
journal = "Expert Systems with Applications ",
volume = "38",
number = "7",
pages = "8266 - 8274",
year = "2011",
note = "",
issn = "0957-4174",
doi = "http://dx.doi.org/10.1016/j.eswa.2011.01.007",
url = "http://www.sciencedirect.com/science/article/pii/S0957417411000273",
author = "Avishek Chatterjee and Olive Ray and Amitava Chatterjee and Anjan Rakshit",
keywords = "Extended Kalman filter",
keywords = "SLAM",
keywords = "Vision sensing",
keywords = "Image feature identification",
keywords = "Feature tracking "
}
@book{filtering,
   title = "Optimal filtering",
   author = "Anderson, Brian D.O. and Moore, John B.",
   series = "Prentice-Hall information and system sciences series",
   publisher = "Englewood Cliffs, N.J. Prentice-Hall",
   url = "http://opac.inria.fr/record=b1085269",
   isbn = "0-13-638122-7",
   year = 1979
}
@inproceedings{ekfINaction,
Address = {Department of Computer Science and Electrical Engineering, OGI School of Science and Engineering, Oregon Health and Science University},
Author = {Wan, E.},
Booktitle = {NSSPW - Nonlinear Statistical Signal Processing Workshop 2006},
Number = {NSSPW - Nonlinear Statistical Signal Processing Workshop 2006},
Title = {Sigma-point filters: An overview with applications to integrated navigation and vision assisted control.},
URL = {https://login.e.bibl.liu.se/login?url=https://search.ebscohost.com/login.aspx?direct=true&db=edselc&AN=edselc.2-52.0-48049084979&lang=sv&site=eds-live},
Year = {2006},
}
@article{ordo,
Author = {Paz, L.M. and Tardos, J.D. and Neira, J.},
Journal = {IEEE Transactions on Robotics},
Keywords = {computational complexity, divide and conquer methods, Kalman filters, linearisation techniques, nonlinear filters, SLAM (robots)},
Number = {5},
Pages = {1107 - 1120},
Title = {Divide and conquer: EKF SLAM in O(n).},
Volume = {24},
URL = {https://login.e.bibl.liu.se/login?url=https://search-ebscohost-com.e.bibl.liu.se/login.aspx?direct=true&db=inh&AN=10291075&lang=sv&site=eds-live},
Year = {2008},
}



