@ARTICLE{893287, 
author={}, 
journal={IEEE Std. 1516-2000}, 
title={{IEEE Standard for Modeling and Simulation {(M\&S)} High Level Architecture {(HLA)} - Framework and Rules}}, 
year={2000}, 
volume={}, 
pages={i -22}, 
doi={10.1109/IEEESTD.2000.92296}, 
}

@ARTICLE{7131685, 
author={Wallich, P.}, 
journal={Spectrum, IEEE}, 
title={An early-warning system for your bike}, 
year={2015}, 
volume={52}, 
number={7}, 
pages={22-23}, 
doi={10.1109/MSPEC.2015.7131685}, 
ISSN={0018-9235}, 
month={July},}