@ARTICLE{893287, 
author={}, 
journal={IEEE Std. 1516-2000}, 
title={{IEEE Standard for Modeling and Simulation {(M\&S)} High Level Architecture {(HLA)} - Framework and Rules}}, 
year={2000}, 
volume={}, 
pages={i -22}, 
doi={10.1109/IEEESTD.2000.92296}, 
}
@INPROCEEDINGS{GenoM, 
author={S. Fleury and M. Herrb and R. Chatila}, 
booktitle={Intelligent Robots and Systems, 1997. IROS '97., Proceedings of the 1997 IEEE/RSJ International Conference on}, 
title={GenoM: a tool for the specification and the implementation of operating modules in a distributed robot architecture}, 
year={1997}, 
volume={2}, 
pages={842-849 vol.2}, 
keywords={distributed control;formal specification;intelligent control;parallel architectures;real-time systems;robot programming;telerobotics;GenoM operational development environment;autonomous robots;centralized decisional level;distributed robot architecture;functional modules;generic model;generic module;operating modules;real time systems;specification;teleoperation;Automatic control;Centralized control;Data processing;Distributed control;Libraries;Monitoring;Robots;Robustness;Servosystems;Testing}, 
doi={10.1109/IROS.1997.655108}, 
month={Sep},}

@BOOK{AssC,
author={{Atmel Corporation}},
title={Atmel AT1886: Mixing Assembly and C with AVRGCC},
year={2012},
month={November},
URL={http://www.atmel.com/images/doc42055.pdf},
}

@book{interruptPoll,
author={Richard Jones, Andrew Meyenn},
year={2004},
title={Computer Science Java Enabled},
edition={second},
publisher={IBID Press},
address={Victoria, Australia},
isbn={187659041}
}

@manual{tester,
organization = "Chalmers - GÃ¶teborg University",
title = "Testning",
year = "2009",
url = "http://www.cse.chalmers.se/edu/year/2009/course/TDA550/Resources/Testning.pdf",
}

@book{RWD,
author={Stuart R. Ball},
year={2000},
title={Embedded Microprocessor Systems: Real World Design},
edition={second},
publisher={Newnes},
address={Burlington, MA},
pages={327},
isbn={075067234X}
}

@BOOK{CPM,
author={Joe Pardue},
year={2005},
title={C Programming for Microcontrollers: Featuring ATMEL's AVR Butterfly and the Free WinAVR Compiler},
publisher={Smiley Micros},
address={Knoxville, TN},
pages={300},
isbn={0-9766822-0-6}
}

@INPROCEEDINGS{IRS, 
author={D. B. Stewart and R. A. Volpe and P. K. Khosla}, 
booktitle={Intelligent Robots and Systems, 1992., Proceedings of the 1992 lEEE/RSJ International Conference on}, 
title={Integration of real-time software modules for reconfigurable sensor-based control systems}, 
year={1992}, 
volume={1}, 
pages={325-332}, 
keywords={Automata;Automatic control;Control system synthesis;Control systems;Laboratories;Operating systems;Propulsion;Real time systems;Robust control;Software reusability}, 
doi={10.1109/IROS.1992.587358}, 
ISSN={1}, 
month={Jul},}

@article{CPC,
title = "Software and languages for microprocessors ",
journal = "Computer Physics Communications ",
volume = "41",
number = "2-3",
pages = "295 - 326",
year = "1986",
note = "",
issn = "0010-4655",
doi = "http://dx.doi.org/10.1016/0010-4655(86)90073-1",
url = "http://www.sciencedirect.com/science/article/pii/0010465586900731",
author = "David O. Williams"
}

@article{Modules,
title = "Development of Modular Electrical Systems",
journal = "IEEE/ASME TRANSACTIONS ON MECHATRONICS",
volume = "6",
number = "4",
pages = "507-520",
year = "2001",
note = "",
issn = "",
doi = "",
url = "",
author = "Armen Zakarian, Gary J. Rushton"
}

@manual{guideLogic,
organization = "Agilent Technologies",
title = "Agilent 6000 Series Ascilloscope, User's Guide",
number = "54684-97011",
year = "2006",
month = "June",
note = "Fourth edition"
}

@manual{guideI2C,
organization = "NXP Semiconductors",
title = "I\textsuperscript{2}C-bus specification and user manual",
number = "UM10204",
year = "2014",
month = "April",
note = "Sixth edition"
}

@manual{guideJTAG,
organization = "Atmel Corporation",
title = "AVR\textsuperscript{\circledR} JTAG ICE, User Guide",
number = "",
year = "2001",
month = "",
note = ""
}

@manual{guideI2CPhilips,
organization = "Philips Semiconductors",
title = "The I\textsuperscript{2}C-bus specification",
number = "",
year = "2000",
month = "January",
note = "Version 2.1"
}
@INPROCEEDINGS{ReMoRo, 
author={M. Karimi and A. Ahmadi and N. Khazaee Korghond and E. Babaians and S. S. Ghidary}, 
booktitle={Robotics and Mechatronics (ICROM), 2015 3rd RSI International Conference on}, 
title={ReMoRo; A mobile robot platform based on distributed I/O modules for research and education}, 
year={2015}, 
pages={657-662}, 
keywords={artificial intelligence;computer science education;educational robots;manipulators;microcontrollers;mobile robots;multi-robot systems;ARM Cortex M3 microcontroller;ROS framework;ReMoRo platform;RoMeRo interaction;activation control;affordable robot structure;artificial intelligence students;communication bus;computer students;cylindrical manipulator;device communication manager;distributed I/O modules;distributed input-output modules;educational robot;educational usage;electrical design;electrical devices;extensible modular robot platform;freeRTOS;hardware design;internal scheduling;large-scale innovative new curriculum multirobot research;mobile robot platform;motor driver;multiagent mobile robots;multirobotics outreach;object handling;object-handling task;omnidirectional locomotion system;real-time operating system;sensor module;service robot scenario;software design;warehouse robot;Manipulators;Mobile robots;Robot sensing systems;Service robots;Wheels;Device Communication Manager;Distributed I/O;Mobile Robot Platform;Opendesign Platform}, 
doi={10.1109/ICRoM.2015.7367861}, 
month={Oct},}

@INPROCEEDINGS{DIMRS, 
author={D. L. Schneider and D. Tesar and J. W. Barnes}, 
booktitle={Reliability and Maintainability Symposium, 1994. Proceedings., Annual}, 
title={Development and testing of a reliability performance index for modular robotic systems}, 
year={1994}, 
pages={263-271}, 
keywords={kinematics;performance index;reliability;statistical analysis;ANOVA;Tukey Studentized Range Test;accuracy;analysis of variance;configuration design;fully functional robot system;joint modules;link options;manipulator kinematics;modular robotic systems;probabilistic representation;reliability block diagram model;reliability performance index;statistical testing;straight-line square trajectory;three degree-of-freedom planar manipulator;Analysis of variance;Assembly;Economic indicators;Hardware;Kinematics;Manipulators;Performance analysis;Robots;Software performance;Testing}, 
doi={10.1109/RAMS.1994.291118}, 
month={Jan},}

@INPROCEEDINGS{MMPD, 
author={A. K. W. Lau}, 
booktitle={Management of Engineering Technology, 2009. PICMET 2009. Portland International Conference on}, 
title={Managing modular product design: Critical factors and a managerial guide}, 
year={2009}, 
pages={2045-2057}, 
keywords={innovation management;product design;product development;managerial guide;modular product design;product development;product innovation;product performance;Acceleration;Communications technology;Design methodology;Manufacturing;Product design;Product development;Rivers;Supply chain management;Supply chains;Technological innovation}, 
doi={10.1109/PICMET.2009.5261886}, 
month={Aug},}

@INPROCEEDINGS{MRDCRD, 
author={C. Pozna}, 
booktitle={Intelligent Systems and Informatics, 2007. SISY 2007. 5th International Symposium on}, 
title={Modular Robots Design Concepts and Research Directions}, 
year={2007}, 
pages={113-118}, 
keywords={industrial robots;product design;costumer needs;industrial robots;modular robot design;Design methodology;Design optimization;Electronic mail;Informatics;Intelligent robots;Intelligent systems;Joining processes;Product design;Service robots;Turning}, 
doi={10.1109/SISY.2007.4342635}, 
month={Aug},}
