@Misc{hemsidan,
key = {},
author = {},
title = {},
howpublished = {},
month = {},
year = {Institutionen för systemteknik, Linköpings universitet},
note = {\url{https://docs.isy.liu.se/bin/view/VanHeden}},
}

@book{LIPS,
author={Tomas Svensson, Christian Krysander},
year={2011},
title={Projektmodellen LIPS},
edition={first},
publisher={Studentlitteratur},
address={Lund},
}

