@ARTICLE{893287, 
author={}, 
journal={IEEE Std. 1516-2000}, 
title={{IEEE Standard for Modeling and Simulation {(M\&S)} High Level Architecture {(HLA)} - Framework and Rules}}, 
year={2000}, 
volume={}, 
pages={i -22}, 
doi={10.1109/IEEESTD.2000.92296}, 
}

@INPROCEEDINGS{612896, 
author={T. Otto and G. Ruan and U. Fritzsch and C. Radehaus and T. Gessner}, 
booktitle={Circuits and Systems, 1997. ISCAS '97., Proceedings of 1997 IEEE International Symposium on}, 
title={Technology, test and application of stack photoresistor colour sensors}, 
year={1997}, 
volume={4}, 
pages={2757-2760 vol.4}, 
keywords={amorphous semiconductors;colour;elemental semiconductors;hydrogen;photodetectors;photoresistors;resistors;silicon;Si:H;amorphous hydrogenated silicon;application;stack photoresistor colour sensor;technology;test;Amorphous materials;Chemical technology;Electromagnetic radiation;Electromagnetic wave absorption;Liquids;Semiconductor diodes;Sensor phenomena and characterization;Silicon;Temperature dependence;Testing}, 
doi={10.1109/ISCAS.1997.612896}, 
month={Jun},}

@ARTICLE{reflective, 
author={Gary Frigyes et. al}, 
journal={www.automation.com}, 
title={{Fundamentals of photoelectric sensors}}, 
year={2016-03-03}, 
volume={}, 
pages={}, 
doi={http://www.automation.com/library/articles-white-papers/sensors-sensing-technologies/fundamentals-of-photoelectric-sensors}, 
}